@comment{x-kbibtex-personnameformatting=<%l><, %f>}

@article{farnell2005monte,
	author = "Farnell, L and Gibson, WG",
	journal = "Journal of Computational Physics",
	number = "1",
	pages = "253--265",
	publisher = "Elsevier",
	title = "{Monte Carlo simulation of diffusion in a spatially nonhomogeneous medium: A biased random walk on an asymmetrical lattice}",
	volume = "208",
	year = "2005"
}

@article{nicholson2001diffusion,
	author = "Nicholson, Charles",
	journal = "Reports on progress in Physics",
	number = "7",
	pages = "815",
	publisher = "IOP Publishing",
	title = "{Diffusion and related transport mechanisms in brain tissue}",
	volume = "64",
	year = "2001"
}

@unpublished{ravndal2005lecture,
	author = "Ravndal, Finn",
	title = "{Lecture Notes on Statistical Physics}"
}

